<record><leader>01394cam a2200373 a 4500</leader><controlfield tag="001">6710087</controlfield><controlfield tag="003">OCoLC</controlfield><controlfield tag="005">20141015093841.0</controlfield><controlfield tag="008">140602s2015    sz a     b    000 0 eng d</controlfield><datafield ind1=" " ind2=" " tag="015"><subfield code="a">GBB485541</subfield><subfield code="2">bnb</subfield></datafield><datafield ind1="7" ind2=" " tag="016"><subfield code="a">016823299</subfield><subfield code="2">Uk</subfield></datafield><datafield ind1=" " ind2=" " tag="020"><subfield code="a">3319080806</subfield></datafield><datafield ind1=" " ind2=" " tag="020"><subfield code="a">9783319080802</subfield></datafield><datafield ind1=" " ind2=" " tag="035"><subfield code="a">ocn893533772</subfield></datafield><datafield ind1=" " ind2=" " tag="040"><subfield code="a">YDXCP</subfield><subfield code="b">eng</subfield><subfield code="c">YDXCP</subfield><subfield code="d">BTCTA</subfield><subfield code="d">OCLCQ</subfield><subfield code="d">UKMGB</subfield><subfield code="d">CDX</subfield><subfield code="d">AEU</subfield></datafield><datafield ind1=" " ind2="4" tag="050"><subfield code="a">JF1525.A8</subfield><subfield code="b">C35 2015</subfield></datafield><datafield ind1="0" ind2="4" tag="082"><subfield code="a">351.0285</subfield><subfield code="2">23</subfield></datafield><datafield ind1=" " ind2=" " tag="090"><subfield code="a">JF1525 .A8 C35 2015</subfield><subfield code="b">AEGMCT</subfield></datafield><datafield ind1="0" ind2="0" tag="245"><subfield code="a">Case studies in e-government 2.0 :</subfield><subfield code="b">changing citizen relationships /</subfield><subfield code="c">Imed Boughzala, Marijn Janssen, Sa&#239;d Assar, editors.</subfield></datafield><datafield ind1=" " ind2=" " tag="260"><subfield code="a">Cham ;</subfield><subfield code="a">New York :</subfield><subfield code="b">Springer,</subfield><subfield code="c">c2015.</subfield></datafield><datafield ind1=" " ind2=" " tag="300"><subfield code="a">xiv, 215 p. :</subfield><subfield code="b">ill. (some col.) ;</subfield><subfield code="c">24 cm.</subfield></datafield><datafield ind1=" " ind2=" " tag="336"><subfield code="a">text</subfield><subfield code="b">txt</subfield><subfield code="2">rdacontent</subfield></datafield><datafield ind1=" " ind2=" " tag="337"><subfield code="a">unmediated</subfield><subfield code="b">n</subfield><subfield code="2">rdamedia</subfield></datafield><datafield ind1=" " ind2=" " tag="338"><subfield code="a">volume</subfield><subfield code="b">nc</subfield><subfield code="2">rdacarrier</subfield></datafield><datafield ind1=" " ind2=" " tag="504"><subfield code="a">Includes bibliographical references.</subfield></datafield><datafield ind1=" " ind2=" " tag="596"><subfield code="a">29</subfield></datafield><datafield ind1=" " ind2="0" tag="650"><subfield code="a">Internet in public administration</subfield><subfield code="v">Case studies.</subfield></datafield><datafield ind1=" " ind2="0" tag="650"><subfield code="a">Public administration</subfield><subfield code="x">Data processing</subfield><subfield code="v">Case studies.</subfield></datafield><datafield ind1="1" ind2=" " tag="700"><subfield code="a">Boughzala, Imed,</subfield><subfield code="e">editor.</subfield></datafield><datafield ind1="1" ind2=" " tag="700"><subfield code="a">Janssen, Marijn,</subfield><subfield code="e">editor.</subfield></datafield><datafield ind1="1" ind2=" " tag="700"><subfield code="a">Assar, Sa&#239;d,</subfield><subfield code="e">editor.</subfield></datafield><datafield ind1=" " ind2=" " tag="949"><subfield code="a">JF1525 .A8 C35 2015</subfield><subfield code="h">GMCT-OS-B</subfield><subfield code="i">1007423476</subfield><subfield code="p">156.10</subfield><subfield code="k">AVAIL_SOON</subfield></datafield><datafield ind1="4" ind2=" " tag="201"><subfield code="a">2014947235</subfield></datafield><datafield ind1=" " ind2=" " tag="926"><subfield code="a">JF1525 .A8 C35 2015</subfield><subfield code="w">LC</subfield><subfield code="c">1</subfield><subfield code="i">1007423476</subfield><subfield code="d">11/26/2014</subfield><subfield code="l">ON_SHELF</subfield><subfield code="m">GR_MACEWAN</subfield><subfield code="p">$148.67</subfield><subfield code="r">Y</subfield><subfield code="s">Y</subfield><subfield code="t">BOOK</subfield><subfield code="u">10/20/2014</subfield></datafield></record>